@INPROCEEDINGS{Sutherland65theultimate,
    author = {Ivan E. Sutherland},
    title = {The Ultimate Display},
    booktitle = {Proceedings of the IFIP Congress},
    year = {1965},
    pages = {506--508}
},

@INPROCEEDINGS{Sutherland_ahead-mounted,
    author = {Ivan E. Sutherland},
    title = {A Head-Mounted Three-Dimensional Display},
    booktitle = {AFIPS Conference Proceedings (1968) 33, I},
    year = {1968},
    pages = {757--764}
}

@INPROCEEDINGS{ResponseEnviron,
 author = {Krueger, Myron W.},
 title = {Responsive Environments},
 booktitle = {Proceedings of the June 13-16, 1977, National Computer Conference},
 series = {AFIPS '77},
 year = {1977},
 location = {Dallas, Texas},
 pages = {423--433},
 numpages = {11},
 url = {http://doi.acm.org/10.1145/1499402.1499476},
 doi = {10.1145/1499402.1499476},
 acmid = {1499476},
 publisher = {ACM},
 address = {New York, NY, USA},
} 

@INPROCEEDINGS{MIT,
author = { Christopher  Schmandt},
title = {Interactive Three-Dimensional Computer Space},
journal = {Proc.SPIE},
volume = {0367},
number = {},
pages = {0367 - 0367 - 5},
year = {1983},
doi = {10.1117/12.934314},
URL = {https://doi.org/10.1117/12.934314},
eprint = {}
}

@article{mark,
 author = {Thomas, Bruce H.},
 title = {A Survey of Visual, Mixed, and Augmented Reality Gaming},
 journal = {Comput. Entertain.},
 issue_date = {October 2012},
 volume = {10},
 number = {1},
 month = dec,
 year = {2012},
 issn = {1544-3574},
 pages = {3:1--3:33},
 articleno = {3},
 numpages = {33},
 url = {http://doi.acm.org/10.1145/2381876.2381879},
 doi = {10.1145/2381876.2381879},
 acmid = {2381879},
 publisher = {ACM},
 address = {New York, NY, USA},
 keywords = {Augmented reality, and wearable computers, computer games, entertainment computing, mixed reality},
} 

@INPROCEEDINGS{RandyDisney,
 author = {Pausch, Randy and Snoddy, Jon and Taylor, Robert and Watson, Scott and Haseltine, Eric},
 title = {Disney's Aladdin: First Steps Toward Storytelling in Virtual Reality},
 booktitle = {Proceedings of the 23rd Annual Conference on Computer Graphics and Interactive Techniques},
 series = {SIGGRAPH '96},
 year = {1996},
 isbn = {0-89791-746-4},
 pages = {193--203},
 numpages = {11},
 url = {http://doi.acm.org/10.1145/237170.237257},
 doi = {10.1145/237170.237257},
 acmid = {237257},
 publisher = {ACM},
 address = {New York, NY, USA},
} 

@misc{drthesis,
  title={Collaborations between Arts and Commercial Digital Industry Sectors: A Curatorial Practice-led Investigation of Modes of Production},
  author={Suzy O'Hara},
  year={2016},
  note={\newline\url{http://sure.sunderland.ac.uk/8501/1/o\%27hara.docx.pdf}}
}

@article{drwbenford,
 author = {Benford, Steve and Greenhalgh, Chris and Crabtree, Andy and Flintham, Martin and Walker, Brendan and Marshall, Joe and Koleva, Boriana and Rennick Egglestone, Stefan and Giannachi, Gabriella and Adams, Matt and Tandavanitj, Nick and Row Farr, Ju},
 title = {Performance-Led Research in the Wild},
 journal = {ACM Trans. Comput.-Hum. Interact.},
 issue_date = {July 2013},
 volume = {20},
 number = {3},
 month = jul,
 year = {2013},
 issn = {1073-0516},
 pages = {14:1--14:22},
 articleno = {14},
 numpages = {22},
 url = {http://doi.acm.org/10.1145/2491500.2491502},
 doi = {10.1145/2491500.2491502},
 acmid = {2491502},
 publisher = {ACM},
 address = {New York, NY, USA},
 keywords = {Art, ethnography, in the wild, methodology, performance, performance-led, theory},
} 

@INPROCEEDINGS{drweng1,
 author = {England, David and Fantauzzacoffin, Jill and Schiphorst, Thecla and Latulipe, Celine and Candy, Linda},
 title = {Digital Art: Challenging Perspectives},
 booktitle = {CHI '13 Extended Abstracts on Human Factors in Computing Systems},
 series = {CHI EA '13},
 year = {2013},
 isbn = {978-1-4503-1952-2},
 location = {Paris, France},
 pages = {2497--2500},
 numpages = {4},
 url = {http://doi.acm.org/10.1145/2468356.2468814},
 doi = {10.1145/2468356.2468814},
 acmid = {2468814},
 publisher = {ACM},
 address = {New York, NY, USA},
 keywords = {critique, digital art, evaluation},
} 

@INPROCEEDINGS{drweng2,
 author = {England, David},
 title = {Digital Art and Interaction: Lessons in Collaboration},
 booktitle = {CHI '12 Extended Abstracts on Human Factors in Computing Systems},
 series = {CHI EA '12},
 year = {2012},
 isbn = {978-1-4503-1016-1},
 location = {Austin, Texas, USA},
 pages = {703--712},
 numpages = {10},
 url = {http://doi.acm.org/10.1145/2212776.2212841},
 doi = {10.1145/2212776.2212841},
 acmid = {2212841},
 publisher = {ACM},
 address = {New York, NY, USA},
 keywords = {action research, collaboration, digital art, performance art},
} 

@book{openaxebook,
  title={Basics of qualitative research: techniques and procedures for developing grounded theory},
  author={Corbin J. M., Strauss A. L.},
  year={1998},
  publisher={SAGE Publications, Inc.}
}

@book{usecases,
  title={Writing Effective Use Cases},
  author={Cockburn A.},
  year={2000},
  publisher={Addison-Wesley Professional}
}

@book{moscow,
  title={Case Method Fast-Track: A Rad Approach},
  author={Clegg D.},
  year={2004},
  publisher={Addison-Wesley Professional}
}

@misc{Goldman,
  title={Profiles in innovation: Virtual \& Augmented Reality},
  author={The Goldman Sachs Group},
  year={2016},
  note={\newline\url{http://www.goldmansachs.com/our-thinking/pages/technology-driving-innovation-folder/virtual-and-augmented-reality/report.pdf}}
}

@misc{BOM,
  title={Virtual Reality and Augmented Reality: Hype Or Serious Business (2017 Report)},
  author={BOM},
  year={2018},
  note={\newline\url{http://cdn.instantmagazine.com/upload/4666/bom\_vrar\_2017reportpdf.68ec9bc00f1c.pdf}}
}

@misc{WhitePaper,
  title={Virtual Reality / Augmented Reality White Paper (2017)},
  author={China Academy of Information and Communications Technology (CAICT)},
  year={2017},
  note={\newline\url{http://www-file.huawei.com/-/media/CORPORATE/PDF/ilab/vr-ar-en.pdf}}
}

@misc{VRX,
  title={Virtual Reality Industry Survey},
  author={VR Intelligence},
  year={2017},
  note={\newline\url{http://vr-intelligence.com/vrx/docs/VRX-2017-Survey.pdf}}
}

@misc{VisionMobile,
  title={Vision Mobile Developer Survey},
  author={Vision Mobile},
  year={2017},
  note={\newline\url{https://uploadvr.com/vr-developers-unity-unreal/}}
}

@misc{gdcsurvey,
  title={State of the Game Industry 2018},
  author={Game Developers Conference},
  year={2018},
  note={\newline\url{http://images.reg.techweb.com/Web/UBMTechweb/\%7B4b6fff69-980c-4dbf-ab92-3cad7e6965b6\%7D\_GDC\_State\_of\_the\_Game\_Industry\_Report\_2018\_-\_final.pdf}}
}

@book{observer,
  title={Design Patterns: Elements of Reusable Object-Oriented Software},
  author={Gamma E., Helm R., Johnson R., Vlissides J.},
  year={1994},
  page={293},
  publisher={Addison-Wesley Professional}
}